


@article{monderer_potential_1996,
	title = {Potential {Games}},
	volume = {14},
	number = {1},
	journal = {Games \& Economic Behavior},
	author = {Monderer, Dov and Shapley, Lloyd S.},
	year = {1996},
	pages = {124--143},
}


@article{arslan_autonomous_2007,
	title = {Autonomous {Vehicle}-{Target} {Assignment}: {A} {Game}-{Theoretical} {Formulation}},
	volume = {129},
	issn = {0022-0434, 1528-9028},
	shorttitle = {Autonomous {Vehicle}-{Target} {Assignment}},
	language = {en},
	number = {5},
	urldate = {2020-12-16},
	journal = {Journal of Dynamic Systems, Measurement, and Control},
	author = {Arslan, Gürdal and Marden, Jason R. and Shamma, Jeff S.},
	month = sep,
	year = {2007},
	pages = {584--596},
}

@article{marden_joint_2009,
	title = {Joint {Strategy} {Fictitious} {Play} {With} {Inertia} for {Potential} {Games}},
	volume = {54},
	issn = {0018-9286},
	language = {en},
	number = {2},
	urldate = {2020-12-16},
	journal = {IEEE Transactions on Automatic Control},
	author = {Marden, Jason R. and Arslan, GÜrdal and Shamma, Jeff S.},
	month = feb,
	year = {2009},
	pages = {208--220},
}

@ARTICLE{chapman_2010,  
	author={A. C. {Chapman} and R. A. {Micillo} and R. {Kota} and N. R. {Jennings}},  
	journal={The Computer Journal},   
	title={Decentralized Dynamic Task Allocation Using Overlapping Potential Games},   
	year={2010},  
	volume={53},  
	number={9},  
	pages={1462-1477},  
	doi={10.1093/comjnl/bxq023}}

@article{reddy_multipath_2010,
	title = {Multipath {Wireless} {Network} {Coding}: {A} {Population} {Game} {Perspective}},
	language = {en},
	author = {Reddy, Vinith and Shakkottai, Srinivas and Sprintson, Alex and Gautam, Natarajan},
	year = {2010},
	pages = {9},
}

@inproceedings{marden_revisiting_2010,
	address = {Monticello, IL, USA},
	title = {Revisiting log-linear learning: {Asynchrony}, completeness and payoff-based implementation},
	isbn = {978-1-4244-8215-3},
	shorttitle = {Revisiting log-linear learning},
	language = {en},
	urldate = {2020-12-16},
	booktitle = {2010 48th {Annual} {Allerton} {Conference} on {Communication}, {Control}, and {Computing} ({Allerton})},
	publisher = {IEEE},
	author = {Marden, Jason R. and Shamma, Jeff S.},
	month = sep,
	year = {2010},
	pages = {1171--1172},
}

@inproceedings{li_designing_2012,
	address = {Maui, HI, USA},
	title = {Designing games for distributed optimization with a time varying communication graph},
	isbn = {978-1-4673-2066-5 978-1-4673-2065-8 978-1-4673-2063-4 978-1-4673-2064-1},
	language = {en},
	urldate = {2020-12-16},
	booktitle = {2012 {IEEE} 51st {IEEE} {Conference} on {Decision} and {Control} ({CDC})},
	publisher = {IEEE},
	author = {Li, Na and Marden, Jason R.},
	month = dec,
	year = {2012},
	pages = {7764--7769},
}

@article{marden_state_2012,
	title = {State based potential games},
	volume = {48},
	issn = {00051098},
	language = {en},
	number = {12},
	urldate = {2020-12-16},
	journal = {Automatica},
	author = {Marden, Jason R.},
	month = dec,
	year = {2012},
	pages = {3075--3088},
}

@article{li_potential_2017,
	title = {A potential game approach to multiple {UAV} cooperative search and surveillance},
	volume = {68},
	issn = {12709638},
	language = {en},
	urldate = {2020-12-16},
	journal = {Aerospace Science and Technology},
	author = {Li, Pei and Duan, Haibin},
	month = sep,
	year = {2017},
	pages = {403--415},
}

@article{cao_game-theoretic_2018,
	title = {A {Game}-theoretic {Framework} for {Revenue} {Sharing} in {Edge}-{Cloud} {Computing} {System}},
	language = {en},
	urldate = {2020-12-16},
	journal = {arXiv:1711.10102 [cs]},
	author = {Cao, Zhi and Zhang, Honggang and Liu, Benyuan and Sheng, Bo},
	month = oct,
	year = {2018},
	note = {arXiv: 1711.10102},
	keywords = {Computer Science - Computer Science and Game Theory, Computer Science - Distributed, Parallel, and Cluster Computing, Computer Science - Networking and Internet Architecture},
}

@article{ke_distributed_2018,
	title = {Distributed {TOA}-{Based} {Positioning} in {Wireless} {Sensor} {Networks}: {A} {Potential} {Game} {Approach}},
	volume = {22},
	language = {en},
	number = {2},
	journal = {IEEE COMMUNICATIONS LETTERS},
	author = {Ke, Mingxing and Xu, Yuhua and Anpalagan, Alagan and Liu, Dianxiong and Zhang, Yuli},
	year = {2018},
	pages = {4},
}

@article{jensen_optimal_nodate,
	title = {Optimal {Utility} {Design} in {Convex} {Distributed} {Welfare} {Games}},
	language = {en},
	author = {Jensen, Emily and Marden, Jason R},
	pages = {6},
}

@article{lee_potential_2018,
	title = {Potential {Game}-{Based} {Non}-{Myopic} {Sensor} {Network} {Planning} for {Multi}-{Target} {Tracking}},
	volume = {6},
	issn = {2169-3536},
	language = {en},
	urldate = {2020-12-16},
	journal = {IEEE Access},
	author = {Lee, Su-Jin and Park, Soon-Seo and Choi, Han-Lim},
	year = {2018},
	pages = {79245--79257},
}

@article{xiang_distributed_2019,
	title = {A distributed decision method for missiles autonomous formation based on potential game},
	volume = {30},
	language = {en},
	number = {4},
	author = {Xiang, JIA and Sentang, WU and Yongming, WEN and Zheng, YAO},
	year = {2019},
	pages = {11},
}


@INPROCEEDINGS{Mahn_game_2020,  
	author={T. {Mahn} and M. {Wirth} and A. {Klein}},  
	booktitle={2020 8th IEEE International Conference on Mobile Cloud Computing, Services, and Engineering (MobileCloud)},   
	title={Game Theoretic Algorithm for Energy Efficient Mobile Edge Computing with Multiple Access Points},   
	year={2020},  
	volume={},  
	number={},  
	pages={31-38},  
	keywords={cloud computing;energy conservation;game theory;minimisation;mobile computing;resource allocation;joint offloading decision;shared resources;game theoretic algorithm;resource allocation strategy;multiple access points;MUs;cloudlet server;computation resources;energy minimization problem;maximum offloading time constraint;local computation;energy efficient mobile edge computing;communication resources;Lagrange multipliers;closed-forms;Nash equilibrium;sorting metrics;AP;mobile-edge-computing;joint-optimization;resource-allocation-strategy;game-theory},  
	
	ISSN={2573-7562},  
	month={Aug},
}

@article{yan_game_nodate,
	title = {Game {Theory} based {Joint} {Task} {Offloading} and {Resources} {Allocation} {Algorithm} for {Mobile} {Edge} {Computing}},
	language = {en},
	author = {Yan, Jianen and Li, Ning and Zhang, Zhaoxin and Liu, Alex X and Martinez, Jose Fernan and Yuan, Xin},
	pages = {11},
}

@article{bakolas_decentralized_2020,
	title = {Decentralized {Game}-{Theoretic} {Control} for {Dynamic} {Task} {Allocation} {Problems} for {Multi}-{Agent} {Systems}},
	language = {en},
	urldate = {2020-12-16},
	journal = {arXiv:2009.08628 [cs, eess]},
	author = {Bakolas, Efstathios and Lee, Yoonjae},
	month = sep,
	year = {2020},
	note = {arXiv: 2009.08628},
	keywords = {Computer Science - Multiagent Systems, Electrical Engineering and Systems Science - Systems and Control},
}

@article{gao_virtual_2020,
	title = {Virtual {Network} {Function} {Placement} in {Satellite} {Edge} {Computing} with a {Potential} {Game} {Approach}},
	language = {en},
	urldate = {2020-12-16},
	journal = {arXiv:2012.00941 [cs]},
	author = {Gao, Xiangqiang and Liu, Rongke and Kaushik, Aryan},
	month = dec,
	year = {2020},
	note = {arXiv: 2012.00941},
	keywords = {Computer Science - Distributed, Parallel, and Cluster Computing, Computer Science - Networking and Internet Architecture},
}

@article{saad_selfish_nodate,
	title = {A selfish approach to coalition formation among unmanned air vehicles in wireless networks},
	language = {en},
	author = {Saad, Walid and Han, Zhu and Basar, Tamer and Debbah, Merouane and Hjørungnes, Are},
	pages = {9},
}

@inproceedings{saad_hedonic_2010,
	address = {Sydney, Australia},
	title = {Hedonic {Coalition} {Formation} {Games} for {Secondary} {Base} {Station} {Cooperation} in {Cognitive} {Radio} {Networks}},
	isbn = {978-1-4244-6396-1},
	language = {en},
	urldate = {2020-12-16},
	booktitle = {2010 {IEEE} {Wireless} {Communication} and {Networking} {Conference}},
	publisher = {IEEE},
	author = {Saad, Walid and Han, Zhu and Basar, Tamer and Hjorungnes, Are and Song, Ju Bin},
	month = apr,
	year = {2010},
	pages = {1--6},
}

@article{saad_hedonic_2011,
	title = {Hedonic {Coalition} {Formation} for {Distributed} {Task} {Allocation} among {Wireless} {Agents}},
	volume = {10},
	issn = {1536-1233},
	language = {en},
	number = {9},
	urldate = {2020-12-16},
	journal = {IEEE Transactions on Mobile Computing},
	author = {Saad, Walid and Han, Zhu and Basar, Tamer and Debbah, Merouane and Hjorungnes, Are},
	month = sep,
	year = {2011},
	pages = {1327--1344},
}

@article{aziz_existence_2012,
	title = {Existence of {Stability} in {Hedonic} {Coalition} {Formation} {Games}},
	language = {en},
	urldate = {2020-12-16},
	journal = {arXiv:1201.4754 [cs]},
	author = {Aziz, Haris and Brandl, Florian},
	month = jan,
	year = {2012},
	note = {arXiv: 1201.4754},
	keywords = {91A12, 68Q15, Computer Science - Computer Science and Game Theory, F.2, J.4},
}

@inproceedings{aziz_2015,
  author    = {Haris Aziz and
               Serge Gaspers and
               Joachim Gudmundsson and
               Juli{\'{a}}n Mestre and
               Hanjo T{\"{a}}ubig},
  editor    = {Qiang Yang and
               Michael J. Wooldridge},
  title     = {Welfare Maximization in Fractional Hedonic Games},
  booktitle = {Proceedings of the Twenty-Fourth International Joint Conference on
               Artificial Intelligence, {IJCAI} 2015, Buenos Aires, Argentina, July
               25-31, 2015},
  pages     = {461--467},
  publisher = {{AAAI} Press},
  year      = {2015},
  url       = {http://ijcai.org/Abstract/15/071},
  timestamp = {Tue, 20 Aug 2019 16:18:11 +0200},
  biburl    = {https://dblp.org/rec/conf/ijcai/AzizGGMT15.bib},
  bibsource = {dblp computer science bibliography, https://dblp.org}
}

@article{igarashi_hedonic_2016,
	title = {Hedonic {Games} with {Graph}-restricted {Communication}},
	language = {en},
	urldate = {2020-12-16},
	journal = {arXiv:1602.05342 [cs]},
	author = {Igarashi, Ayumi and Elkind, Edith},
	month = mar,
	year = {2016},
	note = {arXiv: 1602.05342},
	keywords = {Computer Science - Computer Science and Game Theory},
}

@inproceedings{janovsky_multi-agent_2016,
	address = {Omaha, NE, USA},
	title = {Multi-agent {Simulation} {Framework} for {Large}-{Scale} {Coalition} {Formation}},
	isbn = {978-1-5090-4470-2},
	language = {en},
	urldate = {2020-12-16},
	booktitle = {2016 {IEEE}/{WIC}/{ACM} {International} {Conference} on {Web} {Intelligence} ({WI})},
	publisher = {IEEE},
	author = {Janovsky, Pavel and Deloach, Scott A.},
	month = oct,
	year = {2016},
	pages = {343--350},
}

@article{jang_comparative_2018,
	title = {A {Comparative} {Study} of {Game}-theoretical and {Markov}-chain-based {Approaches} to {Division} of {Labour} in a {Robotic} {Swarm}},
	volume = {51},
	issn = {24058963},
	language = {en},
	number = {12},
	urldate = {2020-12-16},
	journal = {IFAC-PapersOnLine},
	author = {Jang, Inmo and Shin, Hyo-Sang and Tsourdos, Antonios},
	year = {2018},
	pages = {62--68},
}

@article{ray_migration_2018,
	title = {Migration cost and profit oriented cloud federation formation: hedonic coalition game based approach},
	volume = {21},
	issn = {1386-7857, 1573-7543},
	shorttitle = {Migration cost and profit oriented cloud federation formation},
	language = {en},
	number = {4},
	urldate = {2020-12-16},
	journal = {Cluster Computing},
	author = {Ray, Benay Kumar and Saha, Avirup and Roy, Sarbani},
	month = dec,
	year = {2018},
	pages = {1981--1999},
}


@inproceedings{saad_hedonic_2010,
	address = {Sydney, Australia},
	title = {Hedonic {Coalition} {Formation} {Games} for {Secondary} {Base} {Station} {Cooperation} in {Cognitive} {Radio} {Networks}},
	isbn = {978-1-4244-6396-1},
	language = {en},
	urldate = {2020-12-16},
	booktitle = {2010 {IEEE} {Wireless} {Communication} and {Networking} {Conference}},
	publisher = {IEEE},
	author = {Saad, Walid and Han, Zhu and Basar, Tamer and Hjorungnes, Are and Song, Ju Bin},
	month = apr,
	year = {2010},
	pages = {1--6},
}

@article{aziz_existence_2012,
	title = {Existence of {Stability} in {Hedonic} {Coalition} {Formation} {Games}},
	language = {en},
	urldate = {2020-12-16},
	journal = {arXiv:1201.4754 [cs]},
	author = {Aziz, Haris and Brandl, Florian},
	month = jan,
	year = {2012},
	note = {arXiv: 1201.4754},
	keywords = {91A12, 68Q15, Computer Science - Computer Science and Game Theory, F.2, J.4},
}

@article{igarashi_hedonic_2016,
	title = {Hedonic {Games} with {Graph}-restricted {Communication}},
	language = {en},
	urldate = {2020-12-16},
	journal = {arXiv:1602.05342 [cs]},
	author = {Igarashi, Ayumi and Elkind, Edith},
	month = mar,
	year = {2016},
	note = {arXiv: 1602.05342},
	keywords = {Computer Science - Computer Science and Game Theory},
}


@article{ray_migration_2018,
	title = {Migration cost and profit oriented cloud federation formation: hedonic coalition game based approach},
	volume = {21},
	issn = {1386-7857, 1573-7543},
	shorttitle = {Migration cost and profit oriented cloud federation formation},
	language = {en},
	number = {4},
	urldate = {2020-12-16},
	journal = {Cluster Computing},
	author = {Ray, Benay Kumar and Saha, Avirup and Roy, Sarbani},
	month = dec,
	year = {2018},
	pages = {1981--1999},
}



@article{monaco_stable_2019,
	title = {Stable outcomes in modified fractional hedonic games},
	volume = {34},
	issn = {1573-7454},
	number = {1},
	journal = {Autonomous Agents and Multi-Agent Systems},
	author = {Monaco, Gianpiero and Moscardelli, Luca and Velaj, Yllka},
	year = {2019},
	pages = {4},
}


@article{dreze_hedonic_1980,
	title = {Hedonic {Coalitions}: {Optimality} and {Stability}},
	volume = {48},
	issn = {00129682},
	shorttitle = {Hedonic {Coalitions}},
	language = {en},
	number = {4},
	urldate = {2020-12-18},
	journal = {Econometrica},
	author = {Dreze, J. H. and Greenberg, J.},
	month = may,
	year = {1980},
	pages = {987},
}

@article{bogomolnaia_stability_2002,
	title = {The {Stability} of {Hedonic} {Coalition} {Structures}},
	volume = {38},
	issn = {08998256},
	language = {en},
	number = {2},
	urldate = {2020-12-18},
	journal = {Games and Economic Behavior},
	author = {Bogomolnaia, Anna and Jackson, Matthew O.},
	month = feb,
	year = {2002},
	pages = {201--230},
}

@article{iehle_core-partition_2007,
	title = {The core-partition of a hedonic game},
	volume = {54},
	issn = {01654896},
	language = {en},
	number = {2},
	urldate = {2020-12-18},
	journal = {Mathematical Social Sciences},
	author = {Iehlé, Vincent},
	month = sep,
	year = {2007},
	pages = {176--185},
}

@inproceedings{saad_selfish_2009,
	address = {Istanbul, Turkey},
	title = {A selfish approach to coalition formation among unmanned air vehicles in wireless networks},
	isbn = {978-1-4244-4176-1},
	language = {en},
	urldate = {2020-12-18},
	booktitle = {2009 {International} {Conference} on {Game} {Theory} for {Networks}},
	publisher = {IEEE},
	author = {Saad, Walid and Han, Zhu and Basar, Tamer and Debbah, Merouane and Hjorungnes, Are},
	month = may,
	year = {2009},
	pages = {259--267},
}

@inproceedings{mu_optimization_2009,
	address = {Shanghai, China},
	title = {Optimization and {Identification} in a {Non}-equilibrium {Dynamic} {Game}},
	isbn = {978-1-4244-3871-6},
	language = {en},
	urldate = {2020-12-18},
	booktitle = {Proceedings of the 48h {IEEE} {Conference} on {Decision} and {Control} ({CDC}) held jointly with 2009 28th {Chinese} {Control} {Conference}},
	publisher = {IEEE},
	author = {Mu, Yifen and Guo, Lei},
	month = dec,
	year = {2009},
	pages = {5750--5755},
}

@article{bloch_noncooperative_2011,
	title = {Noncooperative formation of coalitions in hedonic games},
	volume = {40},
	issn = {0020-7276, 1432-1270},
	language = {en},
	number = {2},
	urldate = {2020-12-18},
	journal = {International Journal of Game Theory},
	author = {Bloch, Francis and Diamantoudi, Effrosyni},
	month = may,
	year = {2011},
	pages = {263--280},
}

@incollection{hutchison_group_2012,
	address = {Berlin, Heidelberg},
	title = {Group {Activity} {Selection} {Problem}},
	volume = {7695},
	isbn = {978-3-642-35310-9 978-3-642-35311-6},
	language = {en},
	urldate = {2020-12-18},
	booktitle = {Internet and {Network} {Economics}},
	publisher = {Springer Berlin Heidelberg},
	author = {Darmann, Andreas and Elkind, Edith and Kurz, Sascha and Lang, Jérôme and Schauer, Joachim and Woeginger, Gerhard},
	editor = {Hutchison, David and Kanade, Takeo and Kittler, Josef and Kleinberg, Jon M. and Mattern, Friedemann and Mitchell, John C. and Naor, Moni and Nierstrasz, Oscar and Pandu Rangan, C. and Steffen, Bernhard and Sudan, Madhu and Terzopoulos, Demetri and Tygar, Doug and Vardi, Moshe Y. and Weikum, Gerhard and Goldberg, Paul W.},
	year = {2012},
	doi = {10.1007/978-3-642-35311-6_12},
	note = {Series Title: Lecture Notes in Computer Science},
	pages = {156--169},
}

@incollection{perny_roles_2013,
	address = {Berlin, Heidelberg},
	title = {Roles and {Teams} {Hedonic} {Game}},
	volume = {8176},
	isbn = {978-3-642-41574-6 978-3-642-41575-3},
	language = {en},
	urldate = {2020-12-18},
	booktitle = {Algorithmic {Decision} {Theory}},
	publisher = {Springer Berlin Heidelberg},
	author = {Spradling, Matthew and Goldsmith, Judy and Liu, Xudong and Dadi, Chandrima and Li, Zhiyu},
	editor = {Perny, Patrice and Pirlot, Marc and Tsoukiàs, Alexis},
	year = {2013},
	doi = {10.1007/978-3-642-41575-3_27},
	note = {Series Title: Lecture Notes in Computer Science},
	pages = {351--362},
}

@incollection{walsh_group_2015,
	address = {Cham},
	title = {Group {Activity} {Selection} from {Ordinal} {Preferences}},
	volume = {9346},
	isbn = {978-3-319-23113-6 978-3-319-23114-3},
	language = {en},
	urldate = {2020-12-18},
	booktitle = {Algorithmic {Decision} {Theory}},
	publisher = {Springer International Publishing},
	author = {Darmann, Andreas},
	editor = {Walsh, Toby},
	year = {2015},
	doi = {10.1007/978-3-319-23114-3_3},
	note = {Series Title: Lecture Notes in Computer Science},
	pages = {35--51},
}

@inproceedings{Aziz_2015,
  title={Welfare Maximization in Fractional Hedonic Games},
  author={ Aziz, Haris  and  Gaspers, Serge  and  Gudmundsson, Joachim  and Mestre, Julián and Täubig, Hanjo},
  booktitle={International Conference on Artificial Intelligence},
  year={2015},
}

@article{igarashi_hedonic_nodate,
	title = {{HEDONIC} {GAMES} {WITH} {GRAPH}-{RESTRICTED} {COMMUNICATION}},
	language = {en},
	author = {Igarashi, Ayumi and Elkind, Edith},
	pages = {22},
}

@inproceedings{sliwinski_learning_2017,
	address = {Melbourne, Australia},
	title = {Learning {Hedonic} {Games}},
	isbn = {978-0-9992411-0-3},
	language = {en},
	urldate = {2020-12-18},
	booktitle = {Proceedings of the {Twenty}-{Sixth} {International} {Joint} {Conference} on {Artificial} {Intelligence}},
	publisher = {International Joint Conferences on Artificial Intelligence Organization},
	author = {Sliwinski, Jakub and Zick, Yair},
	month = aug,
	year = {2017},
	pages = {2730--2736},
}

@article{jang_comparative_2018,
	title = {A {Comparative} {Study} of {Game}-theoretical and {Markov}-chain-based {Approaches} to {Division} of {Labour} in a {Robotic} {Swarm}},
	volume = {51},
	issn = {24058963},
	language = {en},
	number = {12},
	urldate = {2020-12-18},
	journal = {IFAC-PapersOnLine},
	author = {Jang, Inmo and Shin, Hyo-Sang and Tsourdos, Antonios},
	year = {2018},
	pages = {62--68},
}

@article{jang_anonymous_2018,
	title = {Anonymous {Hedonic} {Game} for {Task} {Allocation} in a {Large}-{Scale} {Multiple} {Agent} {System}},
	volume = {34},
	issn = {1552-3098, 1941-0468},
	language = {en},
	number = {6},
	urldate = {2020-12-18},
	journal = {IEEE Transactions on Robotics},
	author = {Jang, Inmo and Shin, Hyo-Sang and Tsourdos, Antonios},
	month = dec,
	year = {2018},
	pages = {1534--1548},
}

@article{bilo_nash_2018,
	title = {Nash {Stable} {Outcomes} in {Fractional} {Hedonic} {Games}: {Existence}, {Efficiency} and {Computation}},
	volume = {62},
	issn = {1076-9757},
	shorttitle = {Nash {Stable} {Outcomes} in {Fractional} {Hedonic} {Games}},
	language = {en},
	urldate = {2020-12-18},
	journal = {Journal of Artificial Intelligence Research},
	author = {Bilò, Vittorio and Fanelli, Angelo and Flammini, Michele and Monaco, Gianpiero and Moscardelli, Luca},
	month = jun,
	year = {2018},
	pages = {315--371},
}

@inproceedings{czatnecki_hedonic_2019,
	address = {Bari, Italy},
	title = {Hedonic {Coalition} {Formation} for {Task} {Allocation} with {Heterogeneous} {Robots}},
	isbn = {978-1-72814-569-3},
	language = {en},
	urldate = {2020-12-18},
	booktitle = {2019 {IEEE} {International} {Conference} on {Systems}, {Man} and {Cybernetics} ({SMC})},
	publisher = {IEEE},
	author = {Czatnecki, Emily and Dutta, Ayan},
	month = oct,
	year = {2019},
	pages = {1024--1029},
}

@inproceedings{dutta_one--many_2019,
	address = {Montreal, QC, Canada},
	title = {One-to-many bipartite matching based coalition formation for multi-robot task allocation},
	isbn = {978-1-5386-6027-0},
	language = {en},
	urldate = {2020-12-18},
	booktitle = {2019 {International} {Conference} on {Robotics} and {Automation} ({ICRA})},
	publisher = {IEEE},
	author = {Dutta, Ayan and Asaithambi, Asai},
	month = may,
	year = {2019},
	pages = {2181--2187},
}

@article{monaco_stable_2020,
	title = {Stable outcomes in modified fractional hedonic games},
	volume = {34},
	issn = {1387-2532, 1573-7454},
	language = {en},
	number = {1},
	urldate = {2020-12-18},
	journal = {Autonomous Agents and Multi-Agent Systems},
	author = {Monaco, Gianpiero and Moscardelli, Luca and Velaj, Yllka},
	month = apr,
	year = {2020},
	pages = {4},
}

@incollection{ollero_game_2018,
	address = {Cham},
	title = {A {Game} of {Drones}: {Game} {Theoretic} {Approaches} for {Multi}-robot {Task} {Allocation} in {Security} {Missions}},
	volume = {693},
	isbn = {978-3-319-70832-4 978-3-319-70833-1},
	shorttitle = {A {Game} of {Drones}},
	language = {en},
	urldate = {2020-12-18},
	booktitle = {{ROBOT} 2017: {Third} {Iberian} {Robotics} {Conference}},
	publisher = {Springer International Publishing},
	author = {Garapati, Kala and Roldán, Juan Jesús and Garzón, Mario and del Cerro, Jaime and Barrientos, Antonio},
	editor = {Ollero, Anibal and Sanfeliu, Alberto and Montano, Luis and Lau, Nuno and Cardeira, Carlos},
	year = {2018},
	doi = {10.1007/978-3-319-70833-1_69},
	note = {Series Title: Advances in Intelligent Systems and Computing},
	pages = {855--866},
}

@article{ray_migration_2018-1,
	title = {Migration cost and profit oriented cloud federation formation: hedonic coalition game based approach},
	volume = {21},
	issn = {1386-7857, 1573-7543},
	shorttitle = {Migration cost and profit oriented cloud federation formation},
	language = {en},
	number = {4},
	urldate = {2020-12-18},
	journal = {Cluster Computing},
	author = {Ray, Benay Kumar and Saha, Avirup and Roy, Sarbani},
	month = dec,
	year = {2018},
	pages = {1981--1999},
}


@article{feng_stochastic_2019,
	title = {Stochastic game-based dynamic information delivery system for wireless cooperative networks},
	volume = {95},
	issn = {0167739X},
	language = {en},
	urldate = {2020-12-18},
	journal = {Future Generation Computer Systems},
	author = {Feng, Li and Ali, Amjad and Liaqat, Hannan Bin and Iftikhar, Muhammad Aksam and Bashir, Ali Kashif and Pack, Sangheon},
	month = jun,
	year = {2019},
	pages = {277--291},
}

@article{liu_stochastic_2013,
	title = {A stochastic game framework for joint frequency and power allocation in dynamic decentralized cognitive radio networks},
	volume = {67},
	issn = {14348411},
	language = {en},
	number = {10},
	urldate = {2020-12-18},
	journal = {AEU - International Journal of Electronics and Communications},
	author = {Liu, Xiu and Ding, Guoru and Yang, Yang and Wu, Qihui and Wang, Jinlong},
	month = oct,
	year = {2013},
	pages = {817--826},
}

@inproceedings{fu_stochastic_2008,
	address = {Chicago, IL, USA},
	title = {Stochastic {Game} {Formulation} for {Cognitive} {Radio} {Networks}},
	isbn = {978-1-4244-2016-2},
	language = {en},
	urldate = {2020-12-18},
	booktitle = {2008 3rd {IEEE} {Symposium} on {New} {Frontiers} in {Dynamic} {Spectrum} {Access} {Networks}},
	publisher = {IEEE},
	author = {Fu, Fangwen and van der Schaar, Mihaela},
	month = oct,
	year = {2008},
	pages = {1--5},
}

@article{su_patient_2005,
	title = {Patient {Choice} in {Kidney} {Allocation}: {A} {Sequential} {Stochastic} {Assignment} {Model}},
	volume = {53},
	issn = {0030-364X, 1526-5463},
	shorttitle = {Patient {Choice} in {Kidney} {Allocation}},
	language = {en},
	number = {3},
	urldate = {2020-12-18},
	journal = {Operations Research},
	author = {Su, Xuanming and Zenios, Stefanos A.},
	month = jun,
	year = {2005},
	pages = {443--455},
}


@article{chen_2015,  
	author={X. {Chen} and J. {Huang}},  
	journal={IEEE Transactions on Mobile Computing},   
	title={Spatial Spectrum Access Game},   
	year={2015},  
	volume={14},  
	number={3},  
	pages={646-659},  
	doi={10.1109/TMC.2014.2326673}
}

@article{moragrega_2015,  
	author={A. {Moragrega} and P. {Closas} and C. {Ibars}},  
	journal={IEEE Journal on Selected Areas in Communications},   
	title={Potential Game for Energy-Efficient RSS-Based Positioning in Wireless Sensor Networks},   
	year={2015},  
	volume={33},  
	number={7},  
	pages={1394-1406},  
	doi={10.1109/JSAC.2015.2430172}
}
	
	
@inproceedings{deng_2019,  
	author={W. {Deng} and S. {Kamiya} and K. {Yamamoto} and T. {Nishio} and M. {Morikura}},  
	booktitle={2019 IEEE 89th Vehicular Technology Conference (VTC2019-Spring)},   
	title={Replica Exchange Spatial Adaptive Play for Channel Allocation in Cognitive Radio Networks},   
	year={2019},  
	volume={},  
	number={},  
	pages={1-5},  
	doi={10.1109/VTCSpring.2019.8746346}
}

@inproceedings{Lhazmir_2018,  
	author={S. {Lhazmir} and M. {Elmachkour} and A. {Kobbane}},  
	booktitle={2018 International Conference on Advanced Communication Technologies and Networking (CommNet)},   
	title={Green opportunistic access for cognitive radio networks: A regret matching based approach},   
	year={2018},  
	volume={},  
	number={},  
	pages={1-6},  
	doi={10.1109/COMMNET.2018.8360261}
}


@article{aziz_hedonic_2019,
  author    = {Haris Aziz and
               Florian Brandl and
               Felix Brandt and
               Paul Harrenstein and
               Martin Olsen and
               Dominik Peters},
  title     = {Fractional Hedonic Games},
  journal   = {{ACM} Trans. Economics and Comput.},
  volume    = {7},
  number    = {2},
  pages     = {6:1--6:29},
  year      = {2019},
  url       = {https://doi.org/10.1145/3327970},
  doi       = {10.1145/3327970},
  timestamp = {Tue, 06 Aug 2019 16:07:07 +0200},
  biburl    = {https://dblp.org/rec/journals/teco/AzizBBHOP19.bib},
  bibsource = {dblp computer science bibliography, https://dblp.org}
}

@inproceedings{chen_2019,  
	author={S. {Chen} and W. {Liu} and J. {Liu} and K. {Soo} and W. {Chen}},  
	booktitle={2019 IEEE International Conference on Agents (ICA)},   
	title={Maximizing Social Welfare in Fractional Hedonic Games using Shapley Value},   
	year={2019},  
	volume={},  
	number={},  
	pages={21-26},  
	doi={10.1109/AGENTS.2019.8929212}
}

@article{haoxiaochen_2015,
  title={基于生命期模型的无线传感器网络信道分配博弈算法},
  author={郝晓辰 and 姚宁 and 汝小月 and 刘伟静 and 辛敏洁},
  journal={物理学报},
  number={14},
  pages={1-11},
  year={2015},
}


@article{jiajie_2014,
  title={无线传感器网络中基于潜在博弈的分布式节点定位},
  author={贾杰 and 张桂园 and 陈剑 and 王兴伟 and 赵林亮},
  journal={电子学报},
  volume={42},
  number={09},
  pages={1724-1730},
  year={2014},
}


@article{mawen_2020,
	title = {基于深度随机博弈的近距空战机动决策},
	journal = {系统工程与电子技术},
	author = {马文 and 李辉 and 王壮 and 黄志勇 and 吴昭欣 and 陈希亮},
	note = {ISBN: 1001-506X},
	keywords = {博弈论;深度强化学习;随机博弈;空战决策},
	pages = {1--12},
	year = {2020}
}

@phdthesis{liuhao_2020,
	type = {硕士},
	title = {多智能体博弈强化学习算法及其均衡研究},
	school = {西安科技大学},
	author = {刘豪 and 赵高长;苏军},
	year = {2020},
	keywords = {多智能体系统;强化学习;随机博弈;纳什均衡;性能分析},
}

@phdthesis{zhangxinjie_2019,
	type = {博士},
	title = {演化博弈视角下的联盟网络结构演化及绩效研究},
	school = {电子科技大学},
	author = {张新杰 and 邵云飞},
	year = {2019},
	keywords = {联盟网络;联盟网络结构;少数者博弈;演化博弈;联盟网络绩效},
}

@article{zhouhong_2020,
	title = {复杂微电网控制中的随机博弈与优化研究},
	volume = {2},
	number = {03},
	journal = {智能科学与技术学报},
	author = {周洪 and 要若天 and 余昶 and 雷忠诚},
	year = {2020},
	note = {ISBN: 2096-6652},
	keywords = {微电网;复杂网络;博弈论;优化控制},
	pages = {251--260},
}

@article{sunqian_2020,
	title = {基于随机博弈与禁忌搜索的网络防御策略选取},
	volume = {57},
	number = {04},
	journal = {计算机研究与发展},
	author = {孙骞 and 薛雷琦 and 高岭 and 王海 and 王宇翔},
	year = {2020},
	note = {ISBN: 1000-1239},
	keywords = {随机博弈;禁忌搜索;网络攻防;防御策略;有限理性},
	pages = {767--777},
}

@phdthesis{lishihao_2019,
	type = {硕士},
	title = {复杂空战环境下基于博弈模型的无人机机动决策方法研究},
	school = {南京航空航天大学},
	author = {李世豪 and 丁勇},
	year = {2019},
	keywords = {无人机;博弈论;机动决策;纳什均衡;直觉模糊;自适应动态规划;强化学习;平均场理论},
}

@phdthesis{xilei_2016,
	type = {博士},
	title = {基于多智能体随机一致博弈的智能发电控制},
	school = {华南理工大学},
	author = {席磊 and 余涛},
	year = {2016},
	keywords = {SGC;AGC;多智能体;变学习率;平均策略;电力自治;虚拟部落控制;狼群捕猎},
}


@article{shaochong_2020,
	title = {{基于势博弈和IAPSO的多能源微网分布式调度方法}},
	volume = {33},
	number = {11},
	journal = {工业控制计算机},
	author = {邵崇 and 张少华},
	year = {2020},
	note = {ISBN: 1001-182X},
	keywords = {多能源微网;经济调度;势博弈;智能优化算法;分布式算法},
	pages = {136--139},
}

@article{liujijun_2020,
	title = {{MEC中资源分配与卸载决策联合优化策略}},
	journal = {计算机科学与探索},
	author = {刘继军 and 邹山花 and 卢先领},
	note = {ISBN: 1673-9418},
	doi = {10.3778/j.issn.1673-9418.2006087},
	keywords = {移动边缘计算;资源分配;卸载决策;势博弈},
	year = {2020},
	pages = {1--11},
}

@article{zhangdaifeng_2020,
	title = {恶意攻击下基于分布式稀疏优化的安全状态估计},
	journal = {自动化学报},
	author = {张岱峰 and 段海滨},
	note = {ISBN: 0254-4156},
	keywords = {恶意攻击;分布式安全状态估计;稀疏优化;势博弈},
	pages = {1--11},
}

@article{liuzening_2020,
	title = {多层次算力网络中代价感知任务调度算法},
	volume = {57},
	number = {09},
	journal = {计算机研究与发展},
	author = {刘泽宁 and 李凯 and 吴连涛 and 王智 and 杨旸},
	year = {2020},
	note = {ISBN: 1000-1239},
	keywords = {多层次算力网络;雾计算;边缘计算;计算卸载;任务调度;激励机制;势博弈},
	pages = {1810--1822},
}

@article{liuhongguo_2020,
	title = {能源互联网背景下基于势博弈的多供电主体竞争策略研究},
	journal = {电测与仪表},
	author = {刘宏国 and 宗振国 and 张春秋 and 田晓 and 谢季川},
	note = {ISBN: 1001-1390},
	year = {2020},
	keywords = {多买方-多卖方;供电主体;竞争互动;势博弈;竞争策略},
	pages = {1--7},
}

@article{liupenghuang_2020,
	title = {基于势博弈的拥堵收费双层定价模型},
	volume = {43},
	number = {05},
	journal = {物流科技},
	author = {刘鹏煌},
	year = {2020},
	note = {ISBN: 1002-3100},
	keywords = {拥堵收费;公交补贴;势博弈;双层规划},
	pages = {109--115+118},
}

@phdthesis{daiyachao_2020,
	type = {硕士},
	title = {基于博弈论的智能电网需求侧能源定价策略设计},
	school = {燕山大学},
	author = {代亚超 and 杨婕},
	year = {2020},
	keywords = {智能电网;需求响应;博弈理论;定价策略;机制设计},
}

@article{zhoubuxiang_2020,
	title = {基于区块链的微电网市场势博弈模型},
	volume = {44},
	number = {07},
	journal = {电力系统自动化},
	author = {周步祥 and 杨明通 and 史述青 and 魏金萧 and 李祖钢 and 董申},
	year = {2020},
	note = {ISBN: 1000-1026},
	keywords = {微电网市场;势博弈;状态均衡;新能源;区块链},
	pages = {15--26},
}

@phdthesis{gongjunhui_2020,
	type = {硕士},
	title = {{基于博弈论的WSN拓扑控制及入侵检测研究}},
	school = {兰州交通大学},
	author = {巩俊辉 and 胡晓辉},
	year = {2020},
	keywords = {无线传感器网络;拓扑控制;非合作博弈;入侵检测;演化博弈},
}

@article{hanpeng_2020,
	title = {基于博弈论的多雷达多目标分配方法研究},
	volume = {42},
	number = {02},
	journal = {现代雷达},
	author = {韩鹏 and 丁桂强 and 刘国彬},
	year = {2020},
	note = {ISBN: 1004-7859},
	keywords = {雷达网;目标分配;博弈论;纳什均衡},
	pages = {16--22+29},
}

@phdthesis{caoxin_2020,
	type = {硕士},
	title = {基于势博弈的群智感知分布式任务调度与激励机制},
	school = {哈尔滨工业大学},
	author = {曹欣 and 高林},
	year = {2020},
	keywords = {移动群智感知;以用户为中心;任务调度;激励机制},
}

@article{hechao_2019,
	title = {无人机视频回传中的动态资源分配机制},
	volume = {46},
	number = {11},
	journal = {计算机科学},
	author = {贺超 and 谢智东 and 田畅},
	year = {2019},
	note = {ISBN: 1002-137X},
	keywords = {无人机;视频业务;资源分配;势博弈;分布式算法},
	pages = {88--93},
}

@article{zhanggenshan_2019,
	title = {资源受限移动边缘计算任务拆分卸载调度决策},
	volume = {36},
	number = {10},
	journal = {计算机应用与软件},
	author = {张艮山 and 刘旭宁},
	year = {2019},
	note = {ISBN: 1000-386X},
	keywords = {边缘计算;任务卸载;博弈;纳什均衡;势博弈},
	pages = {268--273+278},
}

@article{heyaguang_2019,
	title = {{基于势博弈的WSN非均匀拓扑控制算法}},
	volume = {45},
	number = {09},
	journal = {计算机工程},
	author = {何亚光 and 赵子豪 and 李泽滔},
	year = {2019},
	note = {ISBN: 1000-3428},
	keywords = {无线传感器网络;势博弈;拓扑控制;能量均衡;基站},
	pages = {65--69},
}

@article{heqiuge_2017,
	title = {基于势博弈水下无线传感器网络拓扑控制算法},
	volume = {38},
	number = {10},
	journal = {计算机工程与设计},
	author = {贺秋歌 and 王慧娇 and 董荣胜},
	year = {2017},
	note = {ISBN: 1000-7024},
	keywords = {水下无线传感器网络;势博弈;拓扑控制;博弈论;能量平衡},
	pages = {2616--2622},
}

@article{ranxiaoming_2017,
	title = {基于势博弈的分布式目标跟踪传感器分配算法},
	volume = {39},
	number = {11},
	journal = {电子与信息学报},
	author = {冉晓旻 and 方德亮},
	year = {2017},
	note = {ISBN: 1009-5896},
	keywords = {无线传感器网络;目标跟踪;传感器选择;势博弈},
	pages = {2748--2754},
}

@article{lixiaolong_2016,
	title = {一种基于势博弈的无线传感器网络拓扑控制算法},
	volume = {65},
	number = {02},
	journal = {物理学报},
	author = {李小龙 and 冯东磊 and 彭鹏程},
	year = {2016},
	note = {ISBN: 1000-3290},
	keywords = {无线传感器网络;拓扑控制;势博弈},
	pages = {346--355},
}

@article{yaolan_2020,
	title = {{基于联盟博弈的自适应SDN交换机迁移机制}},
	volume = {41},
	number = {08},
	journal = {通信学报},
	author = {姚蓝 and 兰巨龙},
	year = {2020},
	note = {ISBN: 1000-436X},
	keywords = {软件定义网络;交换机迁移;联盟博弈;资源利用率},
	pages = {1--10},
}

@phdthesis{weisiwen_2020,
	type = {硕士},
	title = {基于联盟博弈的海上认知无线电网络资源分配},
	school = {大连海事大学},
	author = {魏斯文 and 杨婷婷},
	year = {2020},
	keywords = {频谱感知;海上通信;认知无线电网络;联盟博弈},
}

@phdthesis{chensiyuan_2020,
	type = {硕士},
	title = {{基于Fractional} {Hedonic博弈的联盟形成算法的研究}},
	school = {西南大学},
	author = {陈思源 and 陈武},
	year = {2020},
	keywords = {多Agent系统;联盟形成;Fractional Hedonic博弈;Shapley值},
}

@article{caoyang_2017,
	title = {协作干扰下的无线安全传输联盟享乐博弈},
	volume = {40},
	number = {S1},
	journal = {北京邮电大学学报},
	author = {曹扬 and 张斌 and 邱雪松 and 郭少勇},
	year = {2017},
	note = {ISBN: 1007-5321},
	keywords = {协作干扰;博弈论;物理层安全;协作通信},
	pages = {20--23+33},
}

@article{zhangmengbo_2019,
	title = {认知无线网络中基于联盟博弈的分布式协作频谱感知方法},
	volume = {41},
	number = {02},
	journal = {系统工程与电子技术},
	author = {张孟伯 and 王伦文 and 冯彦卿},
	year = {2019},
	note = {ISBN: 1001-506X},
	keywords = {认知无线电;频谱感知;联盟博弈;联盟形成},
	pages = {236--243},
}

@article{zhangxin_2019,
	title = {认知网中基于联盟博弈的资源分配与功率控制},
	volume = {55},
	number = {14},
	journal = {计算机工程与应用},
	author = {张新 and 白马波 and 王帆},
	year = {2019},
	note = {ISBN: 1002-8331},
	keywords = {异构网络;认知网络;联盟;时分复用;功率控制},
	pages = {76--82},
}

@article{yaolan_2020,
	title = {{基于联盟博弈的自适应SDN交换机迁移机制}},
	volume = {41},
	number = {08},
	journal = {通信学报},
	author = {姚蓝 and 兰巨龙},
	year = {2020},
	note = {ISBN: 1000-436X},
	keywords = {软件定义网络;交换机迁移;联盟博弈;资源利用率},
	pages = {1--10},
}

@phdthesis{weisiwen_2020,
	type = {硕士},
	title = {基于联盟博弈的海上认知无线电网络资源分配},
	school = {大连海事大学},
	author = {魏斯文 and 杨婷婷},
	year = {2020},
	keywords = {频谱感知;海上通信;认知无线电网络;联盟博弈},
}

@phdthesis{chensiyuan_2020,
	type = {硕士},
	title = {{基于Fractional} {Hedonic博弈的联盟形成算法的研究}},
	school = {西南大学},
	author = {陈思源 and 陈武},
	year = {2020},
	keywords = {多Agent系统;联盟形成;Fractional Hedonic博弈;Shapley值},
}

@article{caoyang_2017,
	title = {协作干扰下的无线安全传输联盟享乐博弈},
	volume = {40},
	number = {S1},
	journal = {北京邮电大学学报},
	author = {曹扬 and 张斌 and 邱雪松 and 郭少勇},
	year = {2017},
	note = {ISBN: 1007-5321},
	keywords = {协作干扰;博弈论;物理层安全;协作通信},
	pages = {20--23+33},
}
