
@inproceedings{saad_hedonic_2010,
	address = {Sydney, Australia},
	title = {Hedonic {Coalition} {Formation} {Games} for {Secondary} {Base} {Station} {Cooperation} in {Cognitive} {Radio} {Networks}},
	isbn = {978-1-4244-6396-1},
	language = {en},
	urldate = {2020-12-16},
	booktitle = {2010 {IEEE} {Wireless} {Communication} and {Networking} {Conference}},
	publisher = {IEEE},
	author = {Saad, Walid and Han, Zhu and Basar, Tamer and Hjorungnes, Are and Song, Ju Bin},
	month = apr,
	year = {2010},
	pages = {1--6},
}

@article{saad_hedonic_2011,
	title = {Hedonic {Coalition} {Formation} for {Distributed} {Task} {Allocation} among {Wireless} {Agents}},
	volume = {10},
	issn = {1536-1233},
	language = {en},
	number = {9},
	urldate = {2020-12-16},
	journal = {IEEE Transactions on Mobile Computing},
	author = {Saad, Walid and Han, Zhu and Basar, Tamer and Debbah, Merouane and Hjorungnes, Are},
	month = sep,
	year = {2011},
	pages = {1327--1344},
	file = {Saad 等。 - 2011 - Hedonic Coalition Formation for Distributed Task A.pdf:/Users/zhangyun/Zotero/storage/DZFDVSIS/Saad 等。 - 2011 - Hedonic Coalition Formation for Distributed Task A.pdf:application/pdf},
}

@article{aziz_existence_2012,
	title = {Existence of {Stability} in {Hedonic} {Coalition} {Formation} {Games}},
	language = {en},
	urldate = {2020-12-16},
	journal = {arXiv:1201.4754 [cs]},
	author = {Aziz, Haris and Brandl, Florian},
	month = jan,
	year = {2012},
	note = {arXiv: 1201.4754},
	keywords = {91A12, 68Q15, Computer Science - Computer Science and Game Theory, F.2, J.4},
}

@article{igarashi_hedonic_2016,
	title = {Hedonic {Games} with {Graph}-restricted {Communication}},
	language = {en},
	urldate = {2020-12-16},
	journal = {arXiv:1602.05342 [cs]},
	author = {Igarashi, Ayumi and Elkind, Edith},
	month = mar,
	year = {2016},
	note = {arXiv: 1602.05342},
	keywords = {Computer Science - Computer Science and Game Theory},
}

@inproceedings{janovsky_multi-agent_2016,
	address = {Omaha, NE, USA},
	title = {Multi-agent {Simulation} {Framework} for {Large}-{Scale} {Coalition} {Formation}},
	isbn = {978-1-5090-4470-2},
	language = {en},
	urldate = {2020-12-16},
	booktitle = {2016 {IEEE}/{WIC}/{ACM} {International} {Conference} on {Web} {Intelligence} ({WI})},
	publisher = {IEEE},
	author = {Janovsky, Pavel and Deloach, Scott A.},
	month = oct,
	year = {2016},
	pages = {343--350},
}

@article{ray_migration_2018,
	title = {Migration cost and profit oriented cloud federation formation: hedonic coalition game based approach},
	volume = {21},
	issn = {1386-7857, 1573-7543},
	shorttitle = {Migration cost and profit oriented cloud federation formation},
	language = {en},
	number = {4},
	urldate = {2020-12-16},
	journal = {Cluster Computing},
	author = {Ray, Benay Kumar and Saha, Avirup and Roy, Sarbani},
	month = dec,
	year = {2018},
	pages = {1981--1999},
}

@article{yaolan_2020,
	title = {{基于联盟博弈的自适应SDN交换机迁移机制}},
	volume = {41},
	number = {08},
	journal = {通信学报},
	author = {姚蓝 and 兰巨龙},
	year = {2020},
	note = {ISBN: 1000-436X},
	keywords = {软件定义网络;交换机迁移;联盟博弈;资源利用率},
	pages = {1--10},
}

@phdthesis{weisiwen_2020,
	type = {硕士},
	title = {基于联盟博弈的海上认知无线电网络资源分配},
	school = {大连海事大学},
	author = {魏斯文 and 杨婷婷},
	year = {2020},
	keywords = {频谱感知;海上通信;认知无线电网络;联盟博弈},
}

@phdthesis{chensiyuan_2020,
	type = {硕士},
	title = {{基于Fractional} {Hedonic博弈的联盟形成算法的研究}},
	school = {西南大学},
	author = {陈思源 and 陈武},
	year = {2020},
	keywords = {多Agent系统;联盟形成;Fractional Hedonic博弈;Shapley值},
}

@article{caoyang_2017,
	title = {协作干扰下的无线安全传输联盟享乐博弈},
	volume = {40},
	number = {S1},
	journal = {北京邮电大学学报},
	author = {曹扬 and 张斌 and 邱雪松 and 郭少勇},
	year = {2017},
	note = {ISBN: 1007-5321},
	keywords = {协作干扰;博弈论;物理层安全;协作通信},
	pages = {20--23+33},
}

@article{monaco_stable_2019,
	title = {Stable outcomes in modified fractional hedonic games},
	volume = {34},
	issn = {1573-7454},
	number = {1},
	journal = {Autonomous Agents and Multi-Agent Systems},
	author = {Monaco, Gianpiero and Moscardelli, Luca and Velaj, Yllka},
	year = {2019},
	pages = {4},
}

@article{zhangmengbo_2019,
	title = {认知无线网络中基于联盟博弈的分布式协作频谱感知方法},
	volume = {41},
	number = {02},
	journal = {系统工程与电子技术},
	author = {张孟伯 and 王伦文 and 冯彦卿},
	year = {2019},
	note = {ISBN: 1001-506X},
	keywords = {认知无线电;频谱感知;联盟博弈;联盟形成},
	pages = {236--243},
}

@article{zhangxin_2019,
	title = {认知网中基于联盟博弈的资源分配与功率控制},
	volume = {55},
	number = {14},
	journal = {计算机工程与应用},
	author = {张新 and 白马波 and 王帆},
	year = {2019},
	note = {ISBN: 1002-8331},
	keywords = {异构网络;认知网络;联盟;时分复用;功率控制},
	pages = {76--82},
}

@article{dreze_hedonic_1980,
	title = {Hedonic {Coalitions}: {Optimality} and {Stability}},
	volume = {48},
	issn = {00129682},
	shorttitle = {Hedonic {Coalitions}},
	language = {en},
	number = {4},
	urldate = {2020-12-18},
	journal = {Econometrica},
	author = {Dreze, J. H. and Greenberg, J.},
	month = may,
	year = {1980},
	pages = {987},
}

@article{bogomolnaia_stability_2002,
	title = {The {Stability} of {Hedonic} {Coalition} {Structures}},
	volume = {38},
	issn = {08998256},
	language = {en},
	number = {2},
	urldate = {2020-12-18},
	journal = {Games and Economic Behavior},
	author = {Bogomolnaia, Anna and Jackson, Matthew O.},
	month = feb,
	year = {2002},
	pages = {201--230},
}

@article{iehle_core-partition_2007,
	title = {The core-partition of a hedonic game},
	volume = {54},
	issn = {01654896},
	language = {en},
	number = {2},
	urldate = {2020-12-18},
	journal = {Mathematical Social Sciences},
	author = {Iehlé, Vincent},
	month = sep,
	year = {2007},
	pages = {176--185},
}

@inproceedings{saad_selfish_2009,
	address = {Istanbul, Turkey},
	title = {A selfish approach to coalition formation among unmanned air vehicles in wireless networks},
	isbn = {978-1-4244-4176-1},
	language = {en},
	urldate = {2020-12-18},
	booktitle = {2009 {International} {Conference} on {Game} {Theory} for {Networks}},
	publisher = {IEEE},
	author = {Saad, Walid and Han, Zhu and Basar, Tamer and Debbah, Merouane and Hjorungnes, Are},
	month = may,
	year = {2009},
	pages = {259--267},
}

@inproceedings{mu_optimization_2009,
	address = {Shanghai, China},
	title = {Optimization and {Identification} in a {Non}-equilibrium {Dynamic} {Game}},
	isbn = {978-1-4244-3871-6},
	language = {en},
	urldate = {2020-12-18},
	booktitle = {Proceedings of the 48h {IEEE} {Conference} on {Decision} and {Control} ({CDC}) held jointly with 2009 28th {Chinese} {Control} {Conference}},
	publisher = {IEEE},
	author = {Mu, Yifen and Guo, Lei},
	month = dec,
	year = {2009},
	pages = {5750--5755},
}

@inproceedings{saad_hedonic_2010-1,
	address = {Sydney, Australia},
	title = {Hedonic {Coalition} {Formation} {Games} for {Secondary} {Base} {Station} {Cooperation} in {Cognitive} {Radio} {Networks}},
	isbn = {978-1-4244-6396-1},
	language = {en},
	urldate = {2020-12-18},
	booktitle = {2010 {IEEE} {Wireless} {Communication} and {Networking} {Conference}},
	publisher = {IEEE},
	author = {Saad, Walid and Han, Zhu and Basar, Tamer and Hjorungnes, Are and Song, Ju Bin},
	month = apr,
	year = {2010},
	pages = {1--6},
}

@article{saad_hedonic_2011-1,
	title = {Hedonic {Coalition} {Formation} for {Distributed} {Task} {Allocation} among {Wireless} {Agents}},
	volume = {10},
	issn = {1536-1233},
	language = {en},
	number = {9},
	urldate = {2020-12-18},
	journal = {IEEE Transactions on Mobile Computing},
	author = {Saad, Walid and Han, Zhu and Basar, Tamer and Debbah, Merouane and Hjorungnes, Are},
	month = sep,
	year = {2011},
	pages = {1327--1344},
}

@article{bloch_noncooperative_2011,
	title = {Noncooperative formation of coalitions in hedonic games},
	volume = {40},
	issn = {0020-7276, 1432-1270},
	language = {en},
	number = {2},
	urldate = {2020-12-18},
	journal = {International Journal of Game Theory},
	author = {Bloch, Francis and Diamantoudi, Effrosyni},
	month = may,
	year = {2011},
	pages = {263--280},
}

@incollection{hutchison_group_2012,
	address = {Berlin, Heidelberg},
	title = {Group {Activity} {Selection} {Problem}},
	volume = {7695},
	isbn = {978-3-642-35310-9 978-3-642-35311-6},
	language = {en},
	urldate = {2020-12-18},
	booktitle = {Internet and {Network} {Economics}},
	publisher = {Springer Berlin Heidelberg},
	author = {Darmann, Andreas and Elkind, Edith and Kurz, Sascha and Lang, Jérôme and Schauer, Joachim and Woeginger, Gerhard},
	editor = {Hutchison, David and Kanade, Takeo and Kittler, Josef and Kleinberg, Jon M. and Mattern, Friedemann and Mitchell, John C. and Naor, Moni and Nierstrasz, Oscar and Pandu Rangan, C. and Steffen, Bernhard and Sudan, Madhu and Terzopoulos, Demetri and Tygar, Doug and Vardi, Moshe Y. and Weikum, Gerhard and Goldberg, Paul W.},
	year = {2012},
	doi = {10.1007/978-3-642-35311-6_12},
	note = {Series Title: Lecture Notes in Computer Science},
	pages = {156--169},
}

@incollection{perny_roles_2013,
	address = {Berlin, Heidelberg},
	title = {Roles and {Teams} {Hedonic} {Game}},
	volume = {8176},
	isbn = {978-3-642-41574-6 978-3-642-41575-3},
	language = {en},
	urldate = {2020-12-18},
	booktitle = {Algorithmic {Decision} {Theory}},
	publisher = {Springer Berlin Heidelberg},
	author = {Spradling, Matthew and Goldsmith, Judy and Liu, Xudong and Dadi, Chandrima and Li, Zhiyu},
	editor = {Perny, Patrice and Pirlot, Marc and Tsoukiàs, Alexis},
	year = {2013},
	doi = {10.1007/978-3-642-41575-3_27},
	note = {Series Title: Lecture Notes in Computer Science},
	pages = {351--362},
}

@incollection{walsh_group_2015,
	address = {Cham},
	title = {Group {Activity} {Selection} from {Ordinal} {Preferences}},
	volume = {9346},
	isbn = {978-3-319-23113-6 978-3-319-23114-3},
	language = {en},
	urldate = {2020-12-18},
	booktitle = {Algorithmic {Decision} {Theory}},
	publisher = {Springer International Publishing},
	author = {Darmann, Andreas},
	editor = {Walsh, Toby},
	year = {2015},
	doi = {10.1007/978-3-319-23114-3_3},
	note = {Series Title: Lecture Notes in Computer Science},
	pages = {35--51},
}

@inproceedings{Aziz_2015,
  title={Welfare Maximization in Fractional Hedonic Games},
  author={ Aziz, Haris  and  Gaspers, Serge  and  Gudmundsson, Joachim  and Mestre, Julián and Täubig, Hanjo},
  booktitle={International Conference on Artificial Intelligence},
  year={2015},
}

@article{igarashi_hedonic_nodate,
	title = {{HEDONIC} {GAMES} {WITH} {GRAPH}-{RESTRICTED} {COMMUNICATION}},
	language = {en},
	author = {Igarashi, Ayumi and Elkind, Edith},
	pages = {22},
}

@inproceedings{janovsky_multi-agent_2016-1,
	address = {Omaha, NE, USA},
	title = {Multi-agent {Simulation} {Framework} for {Large}-{Scale} {Coalition} {Formation}},
	isbn = {978-1-5090-4470-2},
	language = {en},
	urldate = {2020-12-18},
	booktitle = {2016 {IEEE}/{WIC}/{ACM} {International} {Conference} on {Web} {Intelligence} ({WI})},
	publisher = {IEEE},
	author = {Janovsky, Pavel and Deloach, Scott A.},
	month = oct,
	year = {2016},
	pages = {343--350},
}

@inproceedings{sliwinski_learning_2017,
	address = {Melbourne, Australia},
	title = {Learning {Hedonic} {Games}},
	isbn = {978-0-9992411-0-3},
	language = {en},
	urldate = {2020-12-18},
	booktitle = {Proceedings of the {Twenty}-{Sixth} {International} {Joint} {Conference} on {Artificial} {Intelligence}},
	publisher = {International Joint Conferences on Artificial Intelligence Organization},
	author = {Sliwinski, Jakub and Zick, Yair},
	month = aug,
	year = {2017},
	pages = {2730--2736},
}

@article{jang_comparative_2018,
	title = {A {Comparative} {Study} of {Game}-theoretical and {Markov}-chain-based {Approaches} to {Division} of {Labour} in a {Robotic} {Swarm}},
	volume = {51},
	issn = {24058963},
	language = {en},
	number = {12},
	urldate = {2020-12-18},
	journal = {IFAC-PapersOnLine},
	author = {Jang, Inmo and Shin, Hyo-Sang and Tsourdos, Antonios},
	year = {2018},
	pages = {62--68},
}

@article{jang_anonymous_2018,
	title = {Anonymous {Hedonic} {Game} for {Task} {Allocation} in a {Large}-{Scale} {Multiple} {Agent} {System}},
	volume = {34},
	issn = {1552-3098, 1941-0468},
	language = {en},
	number = {6},
	urldate = {2020-12-18},
	journal = {IEEE Transactions on Robotics},
	author = {Jang, Inmo and Shin, Hyo-Sang and Tsourdos, Antonios},
	month = dec,
	year = {2018},
	pages = {1534--1548},
}

@article{bilo_nash_2018,
	title = {Nash {Stable} {Outcomes} in {Fractional} {Hedonic} {Games}: {Existence}, {Efficiency} and {Computation}},
	volume = {62},
	issn = {1076-9757},
	shorttitle = {Nash {Stable} {Outcomes} in {Fractional} {Hedonic} {Games}},
	language = {en},
	urldate = {2020-12-18},
	journal = {Journal of Artificial Intelligence Research},
	author = {Bilò, Vittorio and Fanelli, Angelo and Flammini, Michele and Monaco, Gianpiero and Moscardelli, Luca},
	month = jun,
	year = {2018},
	pages = {315--371},
}

@inproceedings{czatnecki_hedonic_2019,
	address = {Bari, Italy},
	title = {Hedonic {Coalition} {Formation} for {Task} {Allocation} with {Heterogeneous} {Robots}},
	isbn = {978-1-72814-569-3},
	language = {en},
	urldate = {2020-12-18},
	booktitle = {2019 {IEEE} {International} {Conference} on {Systems}, {Man} and {Cybernetics} ({SMC})},
	publisher = {IEEE},
	author = {Czatnecki, Emily and Dutta, Ayan},
	month = oct,
	year = {2019},
	pages = {1024--1029},
}

@inproceedings{dutta_one--many_2019,
	address = {Montreal, QC, Canada},
	title = {One-to-many bipartite matching based coalition formation for multi-robot task allocation},
	isbn = {978-1-5386-6027-0},
	language = {en},
	urldate = {2020-12-18},
	booktitle = {2019 {International} {Conference} on {Robotics} and {Automation} ({ICRA})},
	publisher = {IEEE},
	author = {Dutta, Ayan and Asaithambi, Asai},
	month = may,
	year = {2019},
	pages = {2181--2187},
}

@article{monaco_stable_2020,
	title = {Stable outcomes in modified fractional hedonic games},
	volume = {34},
	issn = {1387-2532, 1573-7454},
	language = {en},
	number = {1},
	urldate = {2020-12-18},
	journal = {Autonomous Agents and Multi-Agent Systems},
	author = {Monaco, Gianpiero and Moscardelli, Luca and Velaj, Yllka},
	month = apr,
	year = {2020},
	pages = {4},
}

@incollection{ollero_game_2018,
	address = {Cham},
	title = {A {Game} of {Drones}: {Game} {Theoretic} {Approaches} for {Multi}-robot {Task} {Allocation} in {Security} {Missions}},
	volume = {693},
	isbn = {978-3-319-70832-4 978-3-319-70833-1},
	shorttitle = {A {Game} of {Drones}},
	language = {en},
	urldate = {2020-12-18},
	booktitle = {{ROBOT} 2017: {Third} {Iberian} {Robotics} {Conference}},
	publisher = {Springer International Publishing},
	author = {Garapati, Kala and Roldán, Juan Jesús and Garzón, Mario and del Cerro, Jaime and Barrientos, Antonio},
	editor = {Ollero, Anibal and Sanfeliu, Alberto and Montano, Luis and Lau, Nuno and Cardeira, Carlos},
	year = {2018},
	doi = {10.1007/978-3-319-70833-1_69},
	note = {Series Title: Advances in Intelligent Systems and Computing},
	pages = {855--866},
}

@article{ray_migration_2018-1,
	title = {Migration cost and profit oriented cloud federation formation: hedonic coalition game based approach},
	volume = {21},
	issn = {1386-7857, 1573-7543},
	shorttitle = {Migration cost and profit oriented cloud federation formation},
	language = {en},
	number = {4},
	urldate = {2020-12-18},
	journal = {Cluster Computing},
	author = {Ray, Benay Kumar and Saha, Avirup and Roy, Sarbani},
	month = dec,
	year = {2018},
	pages = {1981--1999},
}
