
@article{feng_stochastic_2019,
	title = {Stochastic game-based dynamic information delivery system for wireless cooperative networks},
	volume = {95},
	issn = {0167739X},
	language = {en},
	urldate = {2020-12-18},
	journal = {Future Generation Computer Systems},
	author = {Feng, Li and Ali, Amjad and Liaqat, Hannan Bin and Iftikhar, Muhammad Aksam and Bashir, Ali Kashif and Pack, Sangheon},
	month = jun,
	year = {2019},
	pages = {277--291},
}

@article{liu_stochastic_2013,
	title = {A stochastic game framework for joint frequency and power allocation in dynamic decentralized cognitive radio networks},
	volume = {67},
	issn = {14348411},
	language = {en},
	number = {10},
	urldate = {2020-12-18},
	journal = {AEU - International Journal of Electronics and Communications},
	author = {Liu, Xiu and Ding, Guoru and Yang, Yang and Wu, Qihui and Wang, Jinlong},
	month = oct,
	year = {2013},
	pages = {817--826},
}

@inproceedings{fu_stochastic_2008,
	address = {Chicago, IL, USA},
	title = {Stochastic {Game} {Formulation} for {Cognitive} {Radio} {Networks}},
	isbn = {978-1-4244-2016-2},
	language = {en},
	urldate = {2020-12-18},
	booktitle = {2008 3rd {IEEE} {Symposium} on {New} {Frontiers} in {Dynamic} {Spectrum} {Access} {Networks}},
	publisher = {IEEE},
	author = {Fu, Fangwen and van der Schaar, Mihaela},
	month = oct,
	year = {2008},
	pages = {1--5},
}

@article{su_patient_2005,
	title = {Patient {Choice} in {Kidney} {Allocation}: {A} {Sequential} {Stochastic} {Assignment} {Model}},
	volume = {53},
	issn = {0030-364X, 1526-5463},
	shorttitle = {Patient {Choice} in {Kidney} {Allocation}},
	language = {en},
	number = {3},
	urldate = {2020-12-18},
	journal = {Operations Research},
	author = {Su, Xuanming and Zenios, Stefanos A.},
	month = jun,
	year = {2005},
	pages = {443--455},
}


@article{mawen_2020,
	title = {基于深度随机博弈的近距空战机动决策},
	journal = {系统工程与电子技术},
	author = {马文 and 李辉 and 王壮 and 黄志勇 and 吴昭欣 and 陈希亮},
	note = {ISBN: 1001-506X},
	keywords = {博弈论;深度强化学习;随机博弈;空战决策},
	pages = {1--12},
	year = {2020}
}

@phdthesis{liuhao_2020,
	type = {硕士},
	title = {多智能体博弈强化学习算法及其均衡研究},
	school = {西安科技大学},
	author = {刘豪 and 赵高长;苏军},
	year = {2020},
	keywords = {多智能体系统;强化学习;随机博弈;纳什均衡;性能分析},
}

@phdthesis{zhangxinjie_2019,
	type = {博士},
	title = {演化博弈视角下的联盟网络结构演化及绩效研究},
	school = {电子科技大学},
	author = {张新杰 and 邵云飞},
	year = {2019},
	keywords = {联盟网络;联盟网络结构;少数者博弈;演化博弈;联盟网络绩效},
}

@article{zhouhong_2020,
	title = {复杂微电网控制中的随机博弈与优化研究},
	volume = {2},
	number = {03},
	journal = {智能科学与技术学报},
	author = {周洪 and 要若天 and 余昶 and 雷忠诚},
	year = {2020},
	note = {ISBN: 2096-6652},
	keywords = {微电网;复杂网络;博弈论;优化控制},
	pages = {251--260},
}

@article{sunqian_2020,
	title = {基于随机博弈与禁忌搜索的网络防御策略选取},
	volume = {57},
	number = {04},
	journal = {计算机研究与发展},
	author = {孙骞 and 薛雷琦 and 高岭 and 王海 and 王宇翔},
	year = {2020},
	note = {ISBN: 1000-1239},
	keywords = {随机博弈;禁忌搜索;网络攻防;防御策略;有限理性},
	pages = {767--777},
}

@phdthesis{lishihao_2019,
	type = {硕士},
	title = {复杂空战环境下基于博弈模型的无人机机动决策方法研究},
	school = {南京航空航天大学},
	author = {李世豪 and 丁勇},
	year = {2019},
	keywords = {无人机;博弈论;机动决策;纳什均衡;直觉模糊;自适应动态规划;强化学习;平均场理论},
}

@phdthesis{xilei_2016,
	type = {博士},
	title = {基于多智能体随机一致博弈的智能发电控制},
	school = {华南理工大学},
	author = {席磊 and 余涛},
	year = {2016},
	keywords = {SGC;AGC;多智能体;变学习率;平均策略;电力自治;虚拟部落控制;狼群捕猎},
}

